@article{Lotto2002ebcp,
  Title                    = {The empirical basis of color perception},
  Author                   = {R Beau Lotto, Dale Purves},
  Publisher                = {Elsevier Science},
  Year                     = {2002},
  Owner                    = {Elsevier Science},
  Timestamp                = {2002.11.22},
  Volume                   = {11}
}

