@article{Katsara2019,
  doi = {10.1016/j.fsigen.2019.01.001},
  url = {https://doi.org/10.1016/j.fsigen.2019.01.001},
  year = {2019},
  month = mar,
  publisher = {Elsevier {BV}},
  volume = {39},
  pages = {109--118},
  author = {Maria-Alexandra Katsara and Michael Nothnagel},
  title = {True colors: A literature review on the spatial distribution of eye and hair pigmentation},
  journal = {Forensic Science International: Genetics}
}
@article{Valenta2021,
  doi = {10.1002/ece3.8093},
  url = {https://doi.org/10.1002/ece3.8093},
  year = {2021},
  month = sep,
  publisher = {Wiley},
  volume = {11},
  number = {20},
  pages = {13875--13883},
  author = {Kim Valenta and Sally L. Bornbusch and Yan-Daniel Jacques and Omer Nevo},
  title = {In the eye of the beholder: Is color classification consistent among human observers?},
  journal = {Ecology and Evolution}
}
@article{Bompas2006,
  doi = {10.1068/p5356},
  url = {https://doi.org/10.1068/p5356},
  year = {2006},
  month = jan,
  publisher = {{SAGE} Publications},
  volume = {35},
  number = {1},
  pages = {65--78},
  author = {Aline Bompas and J Kevin O{\textquotesingle}Regan},
  title = {Evidence for a Role of Action in Colour Perception},
  journal = {Perception}
}